@misc{ChatGPT4,
  author = {ChatGPT4},
  title = {Chat instance},
  year = {11. června 2024},
  howpublished = "\url{https://chatgpt.com/share/a0565e35-9109-4513-8d07-2ba0308cf54d}",
}


